@book{Huron2006,
  address = {Cambridge, MA},
  author = {Huron, David},
  publisher = {MIT Press},
  title = {{Sweet Anticipation. Music and the Psychology of Expectation.}},
  year = {2006}
}

@unpublished{Harasim2019,
  title = {Cognitive modeling reveals history of major and minor in Western classical music},
  note = {Submitted},
  author = {Harasim, Daniel and Moss, Fabian C. and Ramirez, Mathias and Rohrmeier, Martin}
}

@article{Krumhansl1982,
  author = {Krumhansl, Carol L. and Kessler, Edward J.},
  journal = {Psychological Review},
  number = {4},
  pages = {334--368},
  title = {{Tracing the dynamic changes in perceived tonal organization in a spatial representation of musical keys.}},
  volume = {89},
  year = {1982}
  }

  @article{Albrecht2013,
    author = {Albrecht, Joshua and Shanahan, Daniel},
    journal = {Music Perception: An Interdisciplinary Journal},
    number = {1},
    pages = {59--67},
    publisher = {University of California Press},
    title = {{The Use of Large Corpora to Train a New Type of Key-Finding Algorithm: An Improved Treatment of the Minor Mode}},
    volume = {31},
    year = {2013}
  }

@book{Temperley2001,
  author = {Temperley, David},
  publisher = {MIT Press},
  title = {{The Cognition of Basic Musical Structures}},
  year = {2001}
}

@book{Gardonyi2002,
  address = {Wolfenb{\"{u}}ttel},
  author = {G{\'{a}}rdonyi, Zsolt and Nordhoff, Hubert},
  publisher = {M{\"{o}}seler Verlag},
  title = {{Harmonik}},
  year = {2002}
}
